<record><leader>00000cas a2200000 a 4500</leader><controlfield tag="001">11239454</controlfield><controlfield tag="008">841008d18861888ksuwr ne      0   a0eng d</controlfield><datafield ind1=" " ind2=" " tag="010"><subfield code="a">sn 84029813 </subfield></datafield><datafield ind1=" " ind2=" " tag="040"><subfield code="a">KSH</subfield><subfield code="b">eng</subfield><subfield code="c">KSH</subfield><subfield code="d">NPT</subfield><subfield code="d">OCL</subfield><subfield code="d">OCLCQ</subfield></datafield><datafield ind1=" " ind2=" " tag="042"><subfield code="a">msc</subfield></datafield><datafield ind1="0" ind2=" " tag="130"><subfield code="a">Ford County democrat (Spearville, Kan.)</subfield></datafield><datafield ind1="1" ind2="0" tag="245"><subfield code="a">Ford County democrat.</subfield></datafield><datafield ind1=" " ind2=" " tag="260"><subfield code="a">Spearville, Kan. :</subfield><subfield code="b">H.W. Brown</subfield></datafield><datafield ind1=" " ind2=" " tag="300"><subfield code="a">v. ;</subfield><subfield code="c">59 cm.</subfield></datafield><datafield ind1=" " ind2=" " tag="310"><subfield code="a">Weekly</subfield></datafield><datafield ind1="1" ind2=" " tag="362"><subfield code="a">Began in 1886; ceased in 1888?</subfield></datafield><datafield ind1=" " ind2=" " tag="500"><subfield code="a">Published by T.A. Davies, Apr. 22-Sept. 30, 1886.</subfield></datafield><datafield ind1=" " ind2=" " tag="500"><subfield code="a">Published: Fonda, Kan. : Harrell &amp; Davies, Oct. 7-&lt;Dec. 9, 1886&gt;; J.C. Harrell, Dec. 16, 1886-</subfield></datafield><datafield ind1=" " ind2=" " tag="515"><subfield code="a">Numbering is irregular.</subfield></datafield><datafield ind1=" " ind2=" " tag="588"><subfield code="a">Description based on: Vol. 1, no. 6 (Apr. 8, 1886).</subfield></datafield><datafield ind1=" " ind2=" " tag="752"><subfield code="a">United States</subfield><subfield code="b">Kansas</subfield><subfield code="c">Ford</subfield><subfield code="d">Spearville.</subfield></datafield><datafield ind1=" " ind2=" " tag="752"><subfield code="a">United States</subfield><subfield code="b">Kansas</subfield><subfield code="c">Ford</subfield><subfield code="d">Fonda.</subfield></datafield><datafield ind1="0" ind2="5" tag="780"><subfield code="t">Fonda herald</subfield><subfield code="g">Sept. 30, 1886</subfield><subfield code="w">(DLC)sn 84029840</subfield></datafield></record>